<?xml version="1.0" encoding="UTF-8"?><collection xmlns="http://www.loc.gov/MARC21/slim"><record><leader>00627nam--2200181-i-4500</leader><controlfield tag="001">000011897</controlfield><controlfield tag="002">20161230</controlfield><controlfield tag="005">20161230201029</controlfield><controlfield tag="008">060222s1000------------r-----000-0-fre-d</controlfield><datafield ind1=" " ind2=" " tag="040"><subfield code="a">IFIN-HH</subfield></datafield><datafield ind1=" " ind2=" " tag="041"><subfield code="a">fre</subfield></datafield><datafield ind1=" " ind2=" " tag="080"><subfield code="a">539.124.143(043)</subfield></datafield><datafield ind1="1" ind2=" " tag="100"><subfield code="a">Barbarin, Francois</subfield></datafield><datafield ind1="1" ind2="0" tag="245"><subfield code="a">Resonance paramagnetique electronique de radicaux vissous en milieu peu visqueux. contribu tion al`analyse de la relaxation anisotrope en champ fort et faible, effect de solvants</subfield><subfield code="b">These</subfield><subfield code="c">Francois barbarin</subfield></datafield><datafield ind1=" " ind2=" " tag="260"><subfield code="a">Clermont-ferrand</subfield><subfield code="b">Universite</subfield><subfield code="c">1975</subfield></datafield><datafield ind1=" " ind2=" " tag="300"><subfield code="a">313 P</subfield></datafield><datafield ind1=" " ind2=" " tag="852"><subfield code="a">44050</subfield><subfield code="c">539.143.43</subfield></datafield><datafield ind1=" " ind2=" " tag="CAT"><subfield code="a">Sys</subfield><subfield code="c">20120509</subfield><subfield code="h">170607</subfield></datafield></record></collection>